%! Author = Silverest
%! Date = 26/02/2022
@online{cloudflare_api_ratelimiting,
    author = "Cloudflare",
    title = "What is rate limiting?",
    url = "https://www.cloudflare.com/learning/bots/what-is-rate-limiting/",
    keywords = "api,rate,limiting,limit"
}

@online{api_rate_limiting_design,
    author = "aaronice",
    title = "System Design",
    url = "https://aaronice.gitbook.io/system-design/system-design-problems/designing-an-api-rate-limiter",
    keyword = "api,rate,limiting,limit"
}

@online{MVP_def,
    author = "Agile Alliance",
    title = "Minimum Viable Product (MVP)",
    url = "https://www.agilealliance.org/glossary/mvp/#q=~(infinite~false~filters~(tags~(~'mvp))~searchTerm~'~sort~false~sortDirection~'asc~page~1)",
    keyword = "mvp,agile"
}

@online{kanban_def,
    author = "Kanbanize",
    title = "What Is Kanban? Explained for Beginners.",
    url = "https://kanbanize.com/kanban-resources/getting-started/what-is-kanban",
    keyword = "kanban,agile"
}

@online{redis_def,
    author = "Redis",
    title = "Redis - About",
    url = "https://redis.io/docs/about/",
    keyword = "redis,nosql"
}

@online{gradle_def,
    author = "Gradle",
    title = "Gradle - About",
    url = "https://docs.gradle.org/current/userguide/userguide.html",
    keyword = "gradle,build,tool"
}

@book{pragmatic_bro,
   title =     {The Pragmatic Programmer - 20th Anniversary Edition},
   author =    {David Thomas, Andrew Hunt},
   publisher = {Pearson},
   isbn =      {9780135957059},
   year =      {2020},
}

@book{reactive_programming,
   title =     {Reactive Programming with RxJava: Creating Asynchronous, Event-Based Applications},
   author =    {Tomasz Nurkiewicz, Ben Christensen},
   publisher = {Oâ€™Reilly Media},
   isbn =      {1491931655; 9781491931653},
   year =      {2016},
}

@article{b4j,
    title={Selection of A Suitable Algorithm for the Implementation of Rate-Limiter Based on Bucket4j},
    author={Maxim Vitalievich, Dmitry Vyukov},
    journal={International Journal of Online and Biomedial Engineering},
    year={2022},
    doi={10.3991/ijoe.v18i04.25641},
},
 
@online{r4j,
    author = "resilience4j",
    title = "RateLimiter",
    url = "https://resilience4j.readme.io/docs/ratelimiter",
    keyword = "rate,limiter,resilience4j"
}

@online{grl_jvm,
    author = "GraalVM",
    title = "Introduction to GraalVM",
    url = "https://www.graalvm.org/22.1/docs/introduction/"
}

@online{ecs_intro,
    author = "AWS Documentation",
    title = "What is Amazon Elastic Container Service?",
    url = "https://docs.aws.amazon.com/AmazonECS/latest/developerguide/Welcome.html",
}

@online{ecr_intro,
    author = "AWS Documentation",
    title = "What is Elastic Container Registry?",
    url = "https://docs.aws.amazon.com/AmazonECR/latest/userguide/what-is-ecr.html",
}

@online{ci_msft,
    author = "Microsoft",
    title = "What is Continuous Integration?",
    url = "https://docs.microsoft.com/en-us/devops/develop/what-is-continuous-integration",
}
